<?xml version="1.0" encoding="UTF-8" ?><marc:collection xmlns:marc="http://www.loc.gov/MARC21/slim" xmlns:xsi="http://www.w3.org/2001/XMLSchema-instance" xsi:schemaLocation="http://www.loc.gov/MARC21/slim http://www.loc.gov/standards/marcxml/schema/MARC21slim.xsd">
<marc:record><marc:leader>03216nam a2200361 a 4500</marc:leader>
<marc:controlfield tag="001">5733</marc:controlfield>
<marc:controlfield tag="003">aeadna</marc:controlfield><marc:controlfield tag="005">20090608141800.0</marc:controlfield><marc:controlfield tag="008">990509s1953||||ua     f    ea000 mdara d</marc:controlfield><marc:datafield tag="035" ind1=" " ind2=" "><marc:subfield code="a">(Sirsi) 5733</marc:subfield></marc:datafield><marc:datafield tag="040" ind1=" " ind2=" "><marc:subfield code="a">nal</marc:subfield><marc:subfield code="b">ara</marc:subfield><marc:subfield code="e">AACR2</marc:subfield></marc:datafield><marc:datafield tag="041" ind1="0" ind2=" "><marc:subfield code="a">ara</marc:subfield></marc:datafield><marc:datafield tag="050" ind1=" " ind2="4"><marc:subfield code="a">PJ7745</marc:subfield><marc:subfield code="b">.I15 1953</marc:subfield></marc:datafield><marc:datafield tag="066" ind1=" " ind2=" "><marc:subfield code="c">(3</marc:subfield><marc:subfield code="c">$1</marc:subfield></marc:datafield><marc:datafield tag="082" ind1="1" ind2="0"><marc:subfield code="a">416</marc:subfield><marc:subfield code="b">21</marc:subfield></marc:datafield><marc:datafield tag="100" ind1="2" ind2=" "><marc:subfield code="a">ابن عبد ربه الأندلسي، أبي عمر بن محمد،</marc:subfield><marc:subfield code="d">860-940 م.</marc:subfield></marc:datafield><marc:datafield tag="245" ind1="1" ind2="2"><marc:subfield code="a">العقد الفريد /</marc:subfield><marc:subfield code="c">تأليف ابي عمر بن محمد بن عبد ربه الأندلسي؛ تحقيق محمد سعيد العريان.</marc:subfield></marc:datafield><marc:datafield tag="246" ind1="1" ind2="3"><marc:subfield code="a"></marc:subfield></marc:datafield><marc:datafield tag="250" ind1=" " ind2=" "><marc:subfield code="a">ط. 2</marc:subfield></marc:datafield><marc:datafield tag="260" ind1=" " ind2=" "><marc:subfield code="a">[القاهرة] :</marc:subfield><marc:subfield code="b">مطبعة الاستقامة،</marc:subfield><marc:subfield code="c">1953 م.</marc:subfield></marc:datafield><marc:datafield tag="300" ind1=" " ind2=" "><marc:subfield code="a">ج. ؛</marc:subfield><marc:subfield code="c">28 سم.</marc:subfield></marc:datafield><marc:datafield tag="500" ind1=" " ind2=" "><marc:subfield code="a">نبذة من سيرة المؤلف : ابن عبد ربه هو أبو عمر أحمد بن محمد بن عبد ربه بن حبيب بن حيدر بن سالم، مولى هشام بن عبد الرحمن بن معاوية بن هشام بن عبد الملك بن مروان،   ولد ابن عبد ربه سنة 246هـ وتوفي يوم الأحد في الثامن عشر من جمادى الأولى لسنة 328هـ عن عمر يناهز اثنين وثمانين عامًا، وُدفن يوم الاثنين في المقبرة الواقعة في العباس بقرطبة.  وهو أديب وشاعر ومن أهل العلم. وقد جمع ابن عبد ربه أثناء التحصيل العلمّي بين كل من الثقافة الدينية والأدبية، واعتنى بأدب المشارقة نظرًا لما أخذه عن شيوخه في الأندلس مثل: بقي بن مخلد، ومحمد بن عبد السلام الخشنّي، ومحمد بن وضاح وغيرهم من رجال العلم الذين جابوا أقطار المشرق وذاع صيتهم في الأندلس وأقطار المغرب، ورغم أّن ابن عبد ربه أندلسّي الأصل إّلا أّنه لم ُيشر إليها أو إلى أهلها بأي كلمة فيما عدا ما عّرف به عن نفسه ونشره للشعر. من أشهر كتبه العقد الفريد، وهو كتاب يجمع بين الأخبار، والأنساب، والأمثال، والشعر، والعروض والموسيقى، وقد شمل خلاصة ما كتب الأصمعّي، وأبو عبيدة، والجاحظ، وابن قتيبة وغيرهم من الأدباء الكبار، وكتاب العقد الفريد مقّسم إلى عّدة أقسام، وسّمى ابن عبد رّبه كل باب منه على طريقة العقد، وجعل منه خمسة وعشرين كتابًا، كل كتاب يحتوي جزئين، أي أّن الكتاب يحتوي على خمسين جزءًا.</marc:subfield></marc:datafield><marc:datafield tag="500" ind1=" " ind2=" "><marc:subfield code="a">يتوفر بالمكتبة ج.1-2 و ج.3-4</marc:subfield></marc:datafield><marc:datafield tag="500" ind1=" " ind2=" "><marc:subfield code="a">يضاف على بعض الطبعات كلمة كتاب ليصبح : كتاب العقد الفريد</marc:subfield></marc:datafield><marc:datafield tag="520" ind1=" " ind2=" "><marc:subfield code="a">يشتمل الكتاب على جملة من الأخبار والأمثال والحكم والمواعظ والأشعار وغيرها. وقد ُسمي بـ &amp;#xab;العقد&amp;#xbb; لأن ابن عبد ربه قّسمه إلى أبواب أو كتب حمل كل منها اسم حجر كريم، كالزبرجدة والمرجانة والياقوتة والجمانة واللؤلؤة، وغير ذلك مما تناول عقود الحسان الحقيقية. الكتاب موسوعة أدبية، تجمع بين المختارات الشعرية والنثرية، ولمحات من التاريخ والأخبار، مع الأخذ بنظرات في البلاغة والنقد مع شيء من العروض والموسيقى، وإشارات للأخلاق والعادات.</marc:subfield></marc:datafield><marc:datafield tag="650" ind1=" " ind2="4"><marc:subfield code="a">الأدب العربي</marc:subfield><marc:subfield code="v">دوائر معارف</marc:subfield></marc:datafield><marc:datafield tag="650" ind1=" " ind2="4"><marc:subfield code="a">الشعر العربي</marc:subfield><marc:subfield code="x">تاريخ ونقد</marc:subfield></marc:datafield><marc:datafield tag="650" ind1=" " ind2="4"><marc:subfield code="a">اللغة العربية</marc:subfield><marc:subfield code="x">العروض والقوافي</marc:subfield></marc:datafield><marc:datafield tag="700" ind1="1" ind2=" "><marc:subfield code="a">العريان، محمد سعيد،</marc:subfield><marc:subfield code="e">محقق</marc:subfield></marc:datafield><marc:datafield tag="775" ind1="0" ind2=" "><marc:subfield code="a">ابن عبد ربه الأندلسي، أبي عمر بن محمد،</marc:subfield><marc:subfield code="b">ط. 3.</marc:subfield><marc:subfield code="d">بيروت : دار إحياء التراث العربي، 1999م.</marc:subfield><marc:subfield code="t">&amp;#xfffd;ال عقد الفريد/</marc:subfield></marc:datafield><marc:datafield tag="775" ind1="0" ind2=" "><marc:subfield code="a">ابن عبد ربه الأندلسي، أبي عمر بن محمد،</marc:subfield><marc:subfield code="d">القاهرة : مطبعة لجنة التأليف والترجمة، 1940 م.</marc:subfield><marc:subfield code="t">&amp;#xfffd;كتاب ال عقد الفريد /</marc:subfield><marc:subfield code="k">لجنة التأليف والترجمة والنشر؛.</marc:subfield></marc:datafield><marc:datafield tag="949" ind1=" " ind2=" "><marc:subfield code="a">PJ7745 .I15 1953</marc:subfield><marc:subfield code="v">1</marc:subfield><marc:subfield code="w">DDC</marc:subfield><marc:subfield code="i">30018000014680</marc:subfield><marc:subfield code="u">06/24/2003</marc:subfield><marc:subfield code="d">07/15/2009</marc:subfield><marc:subfield code="n">0</marc:subfield><marc:subfield code="t">Book</marc:subfield><marc:subfield code="l">av</marc:subfield><marc:subfield code="m">MAIN</marc:subfield><marc:subfield code="x">RAR</marc:subfield></marc:datafield><marc:datafield tag="949" ind1=" " ind2=" "><marc:subfield code="a">PJ7745 .I15 1953</marc:subfield><marc:subfield code="v">2</marc:subfield><marc:subfield code="w">DDC</marc:subfield><marc:subfield code="i">30018000014679</marc:subfield><marc:subfield code="u">06/24/2003</marc:subfield><marc:subfield code="d">07/15/2009</marc:subfield><marc:subfield code="n">0</marc:subfield><marc:subfield code="t">Book</marc:subfield><marc:subfield code="l">av</marc:subfield><marc:subfield code="m">MAIN</marc:subfield><marc:subfield code="x">RAR</marc:subfield></marc:datafield></marc:record>
</marc:collection>
